% How to BibTex:
% https://en.wikibooks.org/wiki/LaTeX/Bibliography_Management#BibTeX

% Read by Jorn
% Read by Tomas
%
% Take-aways:
%  * ..
@techreport{microsoft-smartfavorites,
    author      = "Janez Brank and Anthony Frayling and Natasa Milic-Frayling and Gavin Smyth",
    title       = "Predictive Algorithms for Browser Support of Habitual User Activities on the Web",
    year        = 2004,
    institution = "Microsoft Research",
    number      = "MSR-TR-2004-122.",
    pages       = {11},
    url         = "http://research.microsoft.com/pubs/70111/tr-2004-122.pdf",
}


@inproceedings{davison+hirsch,
    author      = "Brian D Davison and Haym Hirsh",
    title       = "Predicting sequences of user actions",
    year        = 1998,
    booktitle   = "Notes of the AAAI/ICML 1998 Workshop on Predicting the Future: AI Approaches to Time-Series Analysis.",
    pages       = {5-12},
    url         = "https://www.aaai.org/Papers/Workshops/1998/WS-98-07/WS98-07-002.pdf",
}


% Read by Jorn
@inproceedings{KDD-Cup,
    author      = "Ron Kohavi and Carla E. Brodley and Brian Frasca and Llew Mason and Zijian Zheng.",
    title       = "KDD-Cup 2000 organizersâ€™ report: Peeling the onion",
    year        = 2000,
    booktitle   = "ACM SIGKDD Explorations Newsletter 2.2 (2000)",
    pages       = {86-93},
    url         = "http://www.robotics.stanford.edu/~ronnyk/kddOrganizerReport.pdf",
}


@inproceedings{Unix-CLI,
    author      = "Benjamin Korvemaker and Russell Greiner",
    title       = "Predicting Unix command lines: adjusting to user patterns",
    year        = 2000,
    booktitle   = "Proceedings of AAAI. 2000",
    pages       = {230-235},
    url         = "https://www.aaai.org/Papers/AAAI/2000/AAAI00-035.pdf",
}

% Read by Jorn
% Recommender systems
% Cleaning up data
@inproceedings{patterns,
    author      = "Bamshad Mobasher, Honghua Dai, Tao Luo, Miki Nakagawa",
    title       = "Using Sequential and Non-Sequential Patterns in Predictive Web Usage Mining Tasks",
    year        = 2002,
    booktitle   = "IEEE International Conference on Data Mining - ICDM",
    pages       = {669-672},
    url         = "http://ieeexplore.ieee.org/stamp/stamp.jsp?tp=&arnumber=1184025",
}

% Read by Jorn
% Clustering and association rules
@inproceedings{automatic-personalization,
    author      = "Bamshad Mobasher, Robert Cooley, Jaideep Srivastava",
    title       = "Automatic Personalization Based on Web Usage Mining",
    year        = 2000
    booktitle   = "Communications of The ACM",
    volume = {43},
    number = {8},
    pages = {141-152}
    url         = "http://citeseerx.ist.psu.edu/viewdoc/download?doi=10.1.1.136.7654&rep=rep1&type=pdf",
}

% Interesting for understanding user web behaviour
% Jorn - not fully read
@inproceedings{cockburn-web-use,
    author      = "Andy Cockburn and Bruce Mckenzie",
    title       = "What Do Web Users Do? An Empirical Analysis of Web Use",
    journal = "International Journal of Human-Computer Studies"
    year        = 2000
    volume = {54},
    pages = {903--922}
    url         = "http://www.cosc.canterbury.ac.nz/andrew.cockburn/papers/ijhcsAnalysis.pdf",
}


% Machine learning algorithms for sequential data
% Jorn - not fully read
@inproceedings{dietterich-ml,
    author      = "Thomas G. Dietterich",
    title       = "Machine Learning for Sequential Data: A Review",
    booktitle = "International Workshop on Structural and Syntactic Pattern Recognition - SSPR"
    year        = 2002
    pages = {15-30}
    url         = "http://people.cs.ubc.ca/~hutter/earg/papers07/mlsd-ssspr.pdf",
}

% Phd thesis
% Interesting for classification of different stages in the process + algorithms
%  Jorn - not fully read
@inproceedings{cooley-web-usage-mining,
    author      = "Robert Walker Cooley",
    title       = "Web Usage Mining: Discovery and Application of Interesting Patterns from Web Data",
    year        = 2000
    url         = "http://dl.acm.org/citation.cfm?id=931653",
}


% Referenced in automatic-personalization
% Jorn - not fully read
@inproceedings{automatic-personalization,
    author      = "Joseph A. Konstan, Bradley N. Miller, David Maltz, Jonathan L. Herlocker, Lee R. Gordon, John Riedl",
    title       = "Grouplens: Applying Collaborative Filtering to Usenet News",
    year        = 1997
    booktitle = "Communications of The ACM",
    volume = {40},
    number = {3},
    pages = {77-87}
    url         = "http://citeseerx.ist.psu.edu/viewdoc/summary?doi=10.1.1.109.6332",
}




